@other{amadeus,
  author = "{Bureau van Dijk}",
  title = "AMADEUS Database",
  year = 2015 
}

@techreport{dhyne2015belgian,
  title={The Belgian production network 2002-2012},
  author={Dhyne, Emmanuel and Magerman, Glenn and Rub{\'\i}nov{\'a}, Stela},
  year={2015},
  institution={NBB Working Paper}
}

@article{newman2018linked,
  title={Linked in by foreign direct investment},
  author={Newman, Carol C and Page, John and Rand, John and Shimeles, Abebe and Söderbom, Mans and Tarp, Finn},
  journal={Journal of Development Studies},
  year={forthcoming},
}

@article{huneeus2018production,
  title={Production Network Dynamics and the Propagation of Shocks},
  author={Huneeus, Federico},
  year={2018}
}

@article{minetti2018financial,
  title={Financial Constraints, Firms’ Supply Chains, and Internationalization},
  author={Minetti, Raoul and Murro, Pierluigi and Rotondi, Zeno and Zhu, Susan Chun},
  journal={Journal of the European Economic Association},
  volume={17},
  number={2},
  pages={327--375},
  year={2018},
  publisher={Oxford University Press}
}

@article{gereffi2005governance,
  title={The governance of global value chains},
  author={Gereffi, Gary and Humphrey, John and Sturgeon, Timothy},
  journal={Review of international political economy},
  volume={12},
  number={1},
  pages={78--104},
  year={2005},
  publisher={Taylor \& Francis}
}

@article{antras2013grossman,
  title={Grossman--Hart (1986) goes global: Incomplete contracts, property rights, and the international organization of production},
  author={Antr{\`a}s, Pol},
  journal={The Journal of Law, Economics, \& Organization},
  volume={30},
  number={suppl\_1},
  pages={i118--i175},
  year={2013},
  publisher={Oxford University Press}
}

@article{grossman1986costs,
  title={The costs and benefits of ownership: A theory of vertical and lateral integration},
  author={Grossman, Sanford J and Hart, Oliver D},
  journal={Journal of political economy},
  volume={94},
  number={4},
  pages={691--719},
  year={1986},
  publisher={The University of Chicago Press}
}

@techreport{tintelnot2018trade,
  title={Trade and domestic production networks},
  author={Tintelnot, Felix and Kikkawa, Ayumu Ken and Mogstad, Magne and Dhyne, Emmanuel},
  year={2018},
  institution={National Bureau of Economic Research}
}

@techreport{bernard2019origins,
  title={The origins of firm heterogeneity: A production network approach},
  author={Bernard, Andrew B and Dhyne, Emmanuel and Magerman, Glenn and Manova, Kalina and Moxnes, Andreas},
  year={2019},
  institution={National Bureau of Economic Research}
}

@incollection{williamson2007economic,
  title={The economic institutions of capitalism. Firms, markets, relational contracting},
  author={Williamson, Oliver E},
  booktitle={Das Summa Summarum des Management},
  pages={61--75},
  year={2007},
  publisher={Springer}
}

@article{becker1962investment,
  title={Investment in human capital: A theoretical analysis},
  author={Becker, Gary S},
  journal={Journal of political economy},
  volume={70},
  number={5, Part 2},
  pages={9--49},
  year={1962},
  publisher={The University of Chicago Press}
}

@article{bernard2019production,
  title={Production networks, geography, and firm performance},
  author={Bernard, Andrew B and Moxnes, Andreas and Saito, Yukiko U},
  journal={Journal of Political Economy},
  volume={127},
  number={2},
  pages={639--688},
  year={2019},
  publisher={The University of Chicago Press Chicago, IL}
}

@article{johnson2018measuring,
  title={Measuring global value chains},
  author={Johnson, Robert C},
  journal={Annual Review of Economics},
  volume={10},
  pages={207--236},
  year={2018},
  publisher={Annual Reviews}
}

@article{atalay2014vertical,
  title={Vertical integration and input flows},
  author={Atalay, Enghin and Horta{\c{c}}su, Ali and Syverson, Chad},
  journal={American Economic Review},
  volume={104},
  number={4},
  pages={1120--48},
  year={2014}
}

@article{hummels2001nature,
  title={The nature and growth of vertical specialization in world trade},
  author={Hummels, David and Ishii, Jun and Yi, Kei-Mu},
  journal={Journal of international Economics},
  volume={54},
  number={1},
  pages={75--96},
  year={2001},
  publisher={Elsevier}
}

@article{acemoglu2016networks,
  title={Networks and the macroeconomy: An empirical exploration},
  author={Acemoglu, Daron and Akcigit, Ufuk and Kerr, William},
  journal={NBER Macroeconomics Annual},
  volume={30},
  number={1},
  pages={273--335},
  year={2016},
  publisher={University of Chicago Press Chicago, IL}
}

@article{antras2012measuring,
  title={Measuring the upstreamness of production and trade flows},
  author={Antr{\`a}s, Pol and Chor, Davin and Fally, Thibault and Hillberry, Russell},
  journal={American Economic Review},
  volume={102},
  number={3},
  pages={412--16},
  year={2012}
}

@article{johnson2012accounting,
  title={Accounting for intermediates: Production sharing and trade in value added},
  author={Johnson, Robert C and Noguera, Guillermo},
  journal={Journal of international Economics},
  volume={86},
  number={2},
  pages={224--236},
  year={2012},
  publisher={Elsevier}
}

@book{mckinsey2019gvc,
  title={Globalization in Transition: The Future of Trade and Value Chains},
  author={Lund, Susan and Manyika, James and Woetzel, Jonathan and Bughin, Jacques and Krishnan, Mekala and Seong, Jeongmnin and Muir, Mac},
  year={2019},
  publisher={McKinsey&Company}
}